<?xml version="1.0" encoding="UTF-8"?><collection xmlns="http://www.loc.gov/MARC21/slim"><record><leader>00583nam--2200181-i-4500</leader><controlfield tag="001">000020497</controlfield><controlfield tag="002">20161230</controlfield><controlfield tag="005">20161230201033</controlfield><controlfield tag="008">060222s1000------------r-----000-0-eng-d</controlfield><datafield ind1=" " ind2=" " tag="040"><subfield code="a">IFIN-HH</subfield></datafield><datafield ind1=" " ind2=" " tag="080"><subfield code="a">538.958(061.3)</subfield></datafield><datafield ind1="1" ind2=" " tag="100"><subfield code="a">Kobayashi, T</subfield></datafield><datafield ind1="1" ind2="0" tag="245"><subfield code="a">Nonlinear optics of organics and semiconductors</subfield><subfield code="b">Proceedings of the international symposium tokyo, japan, july 25-26, 1988</subfield><subfield code="c">T. kobayashi (ed.)</subfield></datafield><datafield ind1=" " ind2=" " tag="260"><subfield code="a">Berlin</subfield><subfield code="b">Springer-verlag</subfield><subfield code="c">1989</subfield></datafield><datafield ind1=" " ind2=" " tag="300"><subfield code="a">XI+322 P</subfield></datafield><datafield ind1=" " ind2=" " tag="490"><subfield code="a">Springer Proceedings In Physics. Vol.36</subfield></datafield><datafield ind1=" " ind2=" " tag="852"><subfield code="a">78675</subfield><subfield code="c">53</subfield></datafield><datafield ind1=" " ind2=" " tag="CAT"><subfield code="a">Sys</subfield><subfield code="c">20150814</subfield><subfield code="h">115711</subfield></datafield></record></collection>